\documentclass{article}
\usepackage{natbib}

\begin{filecontents*}{bibliography.bib}

@Book{hamilton1995time,
	title     = {Time series analysis},
	publisher = {Princeton University Press},
	year      = {1995},
	author    = {Hamilton, James D},
	journal   = {Economic Theory. II, Princeton University Press, USA},
	pages     = {625--630}
}

@Book{BoxJenkins,
	title     = {Time Series Analysis, Forecasting, and Control},
	publisher = {Francisco Holden-Day},
	year      = {1970},
	author    = {Box, G. E. P, and GM Jenkins}
}

@Book{greene2003econometric,
	title     = {Econometric analysis},
	publisher = {Pearson Education},
	year      = {2003},
	author    = {Greene, William H}
}



@Book{gujarati2009basic,
	title     = {Basic econometrics},
	publisher = {McGraw-Hill Education},
	year      = {2009},
	author    = {Gujarati, Damodar N}
}

@Book{campbell1997econometrics,
	title     = {The econometrics of financial markets},
	publisher = {princeton University press Princeton, NJ},
	year      = {1997},
	author    = {Campbell, John Y and Lo, Andrew W and MacKinlay, Archie Craig and others},
	volume    = {2}
}

@Misc{tsay2002analysis,
	author    = {Tsay, Ruey S},
	title     = {Analysis of Financial Time Series. Financial Econometrics, A Wiley-Interscience Publication},
	year      = {2002},
	publisher = {John Wiley \& Sons, INC, New York}
}

@Book{Shumway2011,
	title     = {Time series analysis and its applications with R examples, 3rd edn.},
	publisher = {Springer},
	year      = {2011},
	author    = {Robert H. Shumway and David S. Stoffer}
}

@Article{granger1974spurious,
	author    = {Granger, Clive WJ and Newbold, Paul},
	title     = {Spurious regressions in econometrics},
	journal   = {Journal of econometrics},
	year      = {1974},
	volume    = {2},
	number    = {2},
	pages     = {111--120},
	publisher = {North-Holland}
}

@Article{dickey1981likelihood,
	author    = {Dickey, David A and Fuller, Wayne A},
	title     = {Likelihood ratio statistics for autoregressive time series with a unit root},
	journal   = {Econometrica: Journal of the Econometric Society},
	year      = {1981},
	pages     = {1057--1072},
	publisher = {JSTOR}
}

@Comment{jabref-meta: databaseType:bibtex;}

@book{hosmer2013applied,
	title={Applied logistic regression},
	author={Hosmer Jr, David W and Lemeshow, Stanley and Sturdivant, Rodney X},
	volume={398},
	year={2013},
	publisher={John Wiley \& Sons}
}
@book{faraway2016extending,
	title={Extending the linear model with R: generalized linear, mixed effects and nonparametric regression models},
	author={Faraway, Julian J},
	year={2016},
	publisher={Chapman and Hall/CRC}
}
@Manual{Rprogram,
	title = {R: A Language and Environment for Statistical Computing},
	author = {{R Core Team}},
	organization = {R Foundation for Statistical Computing},
	address = {Vienna, Austria},
	year = {2018},
	url = {https://www.R-project.org/}
}
@article{rosenman1975coronary,
	title={Coronary heart disease in the Western Collaborative Group Study: Final follow-up experience of 8 1/2 years},
	author={Rosenman, Ray H and Brand, Richard J and Jenkins, C David and Friedman, Meyer and Straus, Reuben and Wurm, Moses},
	journal={Jama},
	volume={233},
	number={8},
	pages={872--877},
	year={1975},
	publisher={American Medical Association}
}

%%%%%%%%%%%%%%%%%%%%%%%%%%%%%%%%%%%%%%%%%%%%%%%%%%%%%%%%%%%%%%%%%%%
%clase3




@Article{sims1980macroeconomics,
	author    = {Sims, Christopher A},
	title     = {Macroeconomics and reality},
	journal   = {Econometrica: Journal of the Econometric Society},
	year      = {1980},
	pages     = {1--48},
	publisher = {JSTOR}
}

@Book{lutkepohl2004applied,
	title     = {Applied time series econometrics},
	publisher = {Cambridge university press},
	year      = {2004},
	author    = {L{\"u}tkepohl, Helmut and Kr{\"a}tzig, Markus}
}

@Article{engle1987co,
	author    = {Engle, Robert F and Granger, Clive WJ},
	title     = {Co-integration and error correction: representation, estimation, and testing},
	journal   = {Econometrica: journal of the Econometric Society},
	year      = {1987},
	pages     = {251--276},
	publisher = {JSTOR}
}

@Article{johansen1988statistical,
	author    = {Johansen, S{\o}ren},
	title     = {Statistical analysis of cointegration vectors},
	journal   = {Journal of economic dynamics and control},
	year      = {1988},
	volume    = {12},
	number    = {2-3},
	pages     = {231--254},
	publisher = {Elsevier}
}

@Article{pesaran2001bounds,
	author    = {Pesaran, M Hashem and Shin, Yongcheol and Smith, Richard J},
	title     = {Bounds testing approaches to the analysis of level relationships},
	journal   = {Journal of applied econometrics},
	year      = {2001},
	volume    = {16},
	number    = {3},
	pages     = {289--326},
	publisher = {Wiley Online Library}
}



@Article{engle1982autoregressive,
	author    = {Engle, Robert F},
	title     = {Autoregressive conditional heteroscedasticity with estimates of the variance of United Kingdom inflation},
	journal   = {Econometrica: Journal of the Econometric Society},
	year      = {1982},
	pages     = {987--1007},
	publisher = {JSTOR}
}

@Article{bollerslev1986generalized,
	author    = {Bollerslev, Tim},
	title     = {Generalized autoregressive conditional heteroskedasticity},
	journal   = {Journal of econometrics},
	year      = {1986},
	volume    = {31},
	number    = {3},
	pages     = {307--327},
	publisher = {Elsevier}
}

@Article{engle1987estimating,
	author    = {Engle, Robert F and Lilien, David M and Robins, Russell P},
	title     = {Estimating time varying risk premia in the term structure: The ARCH-M model},
	journal   = {Econometrica: journal of the Econometric Society},
	year      = {1987},
	pages     = {391--407},
	publisher = {JSTOR}
}

@Article{nelson1991conditional,
	author    = {Nelson, Daniel B},
	title     = {Conditional heteroskedasticity in asset returns: A new approach},
	journal   = {Econometrica: Journal of the Econometric Society},
	year      = {1991},
	pages     = {347--370},
	publisher = {JSTOR}
}

@Article{glosten1993relation,
	author    = {Glosten, Lawrence R and Jagannathan, Ravi and Runkle, David E},
	title     = {On the relation between the expected value and the volatility of the nominal excess return on stocks},
	journal   = {The journal of finance},
	year      = {1993},
	volume    = {48},
	number    = {5},
	pages     = {1779--1801},
	publisher = {Wiley Online Library}
}

%%%%%%%%%%clase4















\end{filecontents*}
\begin{document}
\nocite{*}
\bibliographystyle{plain}
\bibliography{bibliography}
\end{document}