% Encoding: UTF-8

@Book{hamilton1995time,
  title     = {Time series analysis},
  publisher = {Princeton University Press},
  year      = {1995},
  author    = {Hamilton, James D},
  journal   = {Economic Theory. II, Princeton University Press, USA},
  pages     = {625--630},
}

@Book{BoxJenkins,
  title     = {Time Series Analysis, Forecasting, and Control},
  publisher = {Francisco Holden-Day},
  year      = {1970},
  author    = {Box, G. E. P, and GM Jenkins},
}

@Book{greene2003econometric,
  title     = {Econometric analysis},
  publisher = {Pearson Education},
  year      = {2003},
  author    = {Greene, William H},
}

@Book{gujarati2009basic,
  title     = {Basic econometrics},
  publisher = {McGraw-Hill Education},
  year      = {2009},
  author    = {Gujarati, Damodar N},
}

@Book{campbell1997econometrics,
  title     = {The econometrics of financial markets},
  publisher = {princeton University press Princeton, NJ},
  year      = {1997},
  author    = {Campbell, John Y and Lo, Andrew W and MacKinlay, Archie Craig and others},
  volume    = {2},
}

@Misc{tsay2002analysis,
  author    = {Tsay, Ruey S},
  title     = {Analysis of Financial Time Series. Financial Econometrics, A Wiley-Interscience Publication},
  year      = {2002},
  publisher = {John Wiley \& Sons, INC, New York},
}

@Book{Shumway2011,
  title     = {Time series analysis and its applications with R examples, 3rd edn.},
  publisher = {Springer},
  year      = {2011},
  author    = {Robert H. Shumway and David S. Stoffer},
}

@Comment{jabref-meta: databaseType:bibtex;}
