% Encoding: UTF-8
\documentclass{article}
\usepackage{natbib}

\begin{filecontents*}{bibliography.bib}
@Book{hamilton1995time,
  title     = {Time series analysis},
  publisher = {Princeton University Press},
  year      = {1995},
  author    = {Hamilton, James D},
  journal   = {Economic Theory. II, Princeton University Press, USA},
  pages     = {625--630},
}

@Book{BoxJenkins,
  title     = {Time Series Analysis, Forecasting, and Control},
  publisher = {Francisco Holden-Day},
  year      = {1970},
  author    = {Box, G. E. P, and GM Jenkins},
}

@Book{greene2003econometric,
  title     = {Econometric analysis},
  publisher = {Pearson Education},
  year      = {2003},
  author    = {Greene, William H},
}

@Book{gujarati2009basic,
  title     = {Basic econometrics},
  publisher = {McGraw-Hill Education},
  year      = {2009},
  author    = {Gujarati, Damodar N},
}

@Book{campbell1997econometrics,
  title     = {The econometrics of financial markets},
  publisher = {princeton University press Princeton, NJ},
  year      = {1997},
  author    = {Campbell, John Y and Lo, Andrew W and MacKinlay, Archie Craig and others},
  volume    = {2},
}

@Misc{tsay2002analysis,
  author    = {Tsay, Ruey S},
  title     = {Analysis of Financial Time Series. Financial Econometrics, A Wiley-Interscience Publication},
  year      = {2002},
  publisher = {John Wiley \& Sons, INC, New York},
}

@Book{Shumway2011,
  title     = {Time series analysis and its applications with R examples, 3rd edn.},
  publisher = {Springer},
  year      = {2011},
  author    = {Robert H. Shumway and David S. Stoffer},
}

@Article{granger1974spurious,
  author    = {Granger, Clive WJ and Newbold, Paul},
  title     = {Spurious regressions in econometrics},
  journal   = {Journal of econometrics},
  year      = {1974},
  volume    = {2},
  number    = {2},
  pages     = {111--120},
  publisher = {North-Holland},
}

@Article{dickey1981likelihood,
  author    = {Dickey, David A and Fuller, Wayne A},
  title     = {Likelihood ratio statistics for autoregressive time series with a unit root},
  journal   = {Econometrica: Journal of the Econometric Society},
  year      = {1981},
  pages     = {1057--1072},
  publisher = {JSTOR},
}

@Comment{jabref-meta: databaseType:bibtex;}

@book{hosmer2013applied,
	title={Applied logistic regression},
	author={Hosmer Jr, David W and Lemeshow, Stanley and Sturdivant, Rodney X},
	volume={398},
	year={2013},
	publisher={John Wiley \& Sons}
}
@book{faraway2016extending,
	title={Extending the linear model with R: generalized linear, mixed effects and nonparametric regression models},
	author={Faraway, Julian J},
	year={2016},
	publisher={Chapman and Hall/CRC}
}
@Manual{Rprogram,
	title = {R: A Language and Environment for Statistical Computing},
	author = {{R Core Team}},
	organization = {R Foundation for Statistical Computing},
	address = {Vienna, Austria},
	year = {2018},
	url = {https://www.R-project.org/},
}
@article{rosenman1975coronary,
	title={Coronary heart disease in the Western Collaborative Group Study: Final follow-up experience of 8 1/2 years},
	author={Rosenman, Ray H and Brand, Richard J and Jenkins, C David and Friedman, Meyer and Straus, Reuben and Wurm, Moses},
	journal={Jama},
	volume={233},
	number={8},
	pages={872--877},
	year={1975},
	publisher={American Medical Association}
}

\end{filecontents*}
\begin{document}
\nocite{*}
\bibliographystyle{plain}
\bibliography{bibliography}
\end{document}
